@inproceedings{ould2011circuit,
  title={Circuit simulation of varactor loaded line phase shifter},
  author={Ould-Elhassen, M and Mabrouk, M and Ghazel, A and Benech, P},
  booktitle={Progress in Electromagnetics Research Symposium Proceedings.-2011},
  year={2011}
}

@ARTICLE{distributedAnalogPhase,
    author={A. S. {Nagra} and R. A. {York}},
    journal={IEEE Transactions on Microwave Theory and Techniques},
    title={Distributed analog phase shifters with low insertion loss},
    year={1999},
    volume={47},
    number={9},
    pages={1705-1711},
}



@article{ellinger2003varactor,
  title={Varactor-loaded transmission-line phase shifter at C-band using lumped elements},
  author={Ellinger, Frank and Jackel, Heinz and Bachtold, Werner},
  journal={IEEE Transactions on Microwave Theory and Techniques},
  volume={51},
  number={4},
  pages={1135--1140},
  year={2003},
  publisher={IEEE}
}


@article{lee2012nonlinear,
  title={A nonlinear lattice for high-amplitude picosecond pulse generation in CMOS},
  author={Lee, Wooram and Adnan, Muhammad and Momeni, Omeed and Afshari, Ehsan},
  journal={IEEE transactions on microwave theory and techniques},
  volume={60},
  number={2},
  pages={370--380},
  year={2012},
  publisher={IEEE}
}


@ARTICLE{UltraCompact,
  author={F. {Ellinger} and R. {Vogt} and W. {Bachtold}},
  journal={IEEE Microwave and Wireless Components Letters}, 
  title={Ultra compact, low loss, varactor tuned phase shifter MMIC at C-band}, 
  year={2001},
  volume={11},
  number={3},
  pages={104-105},}
  
  @INPROCEEDINGS{EffVaractorCharac,
  author={D. Q. {Xu} and G. R. {Branner}},
  booktitle={Proceedings of 40th Midwest Symposium on Circuits and Systems. Dedicated to the Memory of Professor Mac Van Valkenburg}, 
  title={An efficient technique for varactor diode characterization}, 
  year={1997},
  volume={1},
  number={},
  pages={591-594 vol.1},}
 
 
 
@ARTICLE{FastHighVoltageNLTL,
  author={S. {Ibuka} and K. {Abe} and T. {Miyazawa} and A. {Ishii} and S. {Ishii}},
  journal={IEEE Transactions on Plasma Science}, 
  title={Fast high-voltage pulse generator with nonlinear transmission line for high repetition rate operation}, 
  year={1997},
  volume={25},
  number={2},
  pages={266-271},} 
  
  
  @article{nikoo2018theory,
  title={Theory of RF pulse generation through nonlinear transmission lines},
  author={Nikoo, Mohammad Samizadeh and Hashemi, Seyed Morad-Ali and Farzaneh, Forouhar},
  journal={IEEE Transactions on Microwave Theory and Techniques},
  volume={66},
  number={7},
  pages={3234--3244},
  year={2018},
  publisher={IEEE}
}


@ARTICLE{TwoLine,
  author={F. {Declercq} and H. {Rogier} and C. {Hertleer}},
  journal={IEEE Transactions on Antennas and Propagation}, 
  title={Permittivity and Loss Tangent Characterization for Garment Antennas Based on a New Matrix-Pencil Two-Line Method}, 
  year={2008},
  volume={56},
  number={8},
  pages={2548-2554},}
  
  
  
  @article{ComputerExpNLTL,
  title = {Computer experiments on solitons in a nonlinear transmission line. I. Formation of stable solitons},
  author = {Tsuboi, Taiju and Toyama, F. M.},
  journal = {Phys. Rev. A},
  volume = {44},
  issue = {4},
  pages = {2686--2690},
  numpages = {0},
  year = {1991},
  month = {Aug},
  publisher = {American Physical Society},
  doi = {10.1103/PhysRevA.44.2686},
  url = {https://link.aps.org/doi/10.1103/PhysRevA.44.2686}
}


@ARTICLE{EffectsofDispersion,
  author={S. T. {Peng} and R. {Landauer}},
  journal={IBM Journal of Research and Development}, 
  title={Effects of Dispersion on Steady State Electromagnetic Shock Profiles}, 
  year={1973},
  volume={17},
  number={4},
  pages={299-306},}
  
  
  @INPROCEEDINGS{VerilogAFun,
  author={G. J. {Coram}},
  booktitle={Proceedings of the 2004 IEEE International Behavioral Modeling and Simulation Conference, 2004. BMAS 2004.}, 
  title={How to (and how not to) write a compact model in Verilog-A}, 
  year={2004},
  volume={},
  number={},
  pages={97-106},}
  
  @inproceedings{VerilogARF,
  title={Analog RF model development with Verilog-A},
  author={Troyanovsky, Boris and O'Halloran, P and Mierzwinski, M},
  booktitle={2005 IEEE Radio Frequency integrated Circuits (RFIC) Symposium-Digest of Papers},
  pages={287--290},
  year={2005},
  organization={IEEE}
}
  
@article{palmer2014performance,
  title={Performance tuning non-uniform sampling for sensitivity enhancement of signal-limited biological NMR},
  author={Palmer, Melissa R and Wenrich, Broc R and Stahlfeld, Phillip and Rovnyak, David},
  journal={Journal of biomolecular NMR},
  volume={58},
  number={4},
  pages={303--314},
  year={2014},
  publisher={Springer}
} 



@inproceedings{cure2012non,
  title={Non-uniform bias enhancement of a varactor-tuned FSS used with a low profile 2.4 GHz dipole antenna},
  author={Cure, David and Weller, Thomas M and Miranda, F{\'e}lix A},
  booktitle={Proceedings of the 2012 IEEE International Symposium on Antennas and Propagation},
  pages={1--2},
  year={2012},
  organization={IEEE}
}
  
 @article{wilson1991pulse,
  title={Pulse sharpening in a uniform LC ladder network containing nonlinear ferroelectric capacitors},
  author={Wilson, Colin Richard and Turner, Miles M and Smith, Paul W},
  journal={IEEE transactions on electron devices},
  volume={38},
  number={4},
  pages={767--771},
  year={1991},
  publisher={IEEE}
}

@ARTICLE{NonUniformBandpass,
  author={H. {Guo} and J. {Ni} and J. {Hong}},
  journal={IEEE Microwave and Wireless Components Letters}, 
  title={Varactor-Tuned Dual-Mode Bandpass Filter With Nonuniform  $Q$  Distribution}, 
  year={2018},
  volume={28},
  number={11},
  pages={1002-1004},}

@misc{giangrandi,
	url={https://www.giangrandi.org/electronics/ringdownq/ringdownq.shtml},
	journal={Measuring the Q-factor of a resonator with the ring-down method},
	author={Giangrandi, Iacopo}}
	
	
@ARTICLE{SimpleRelative,
  author={A. {Namba} and O. {Wada} and Y. {Toyota} and Y. {Fukumoto} and  {Zhi Liang Wang} and R. {Koga} and T. {Miyashita} and T. {Watanabe}},
  journal={IEEE Transactions on Electromagnetic Compatibility}, 
  title={A simple method for measuring the relative permittivity of printed circuit board materials}, 
  year={2001},
  volume={43},
  number={4},
  pages={515-519},}